<?xml version="1.0" encoding="UTF-8"?><collection xmlns="http://www.loc.gov/MARC21/slim"><record><leader>00499nam--2200181-i-4500</leader><controlfield tag="001">000000136</controlfield><controlfield tag="002">20161230</controlfield><controlfield tag="005">20161230201023</controlfield><controlfield tag="008">060222s1000------------r-----000-0-eng-d</controlfield><datafield ind1=" " ind2=" " tag="040"><subfield code="a">IFIN-HH</subfield></datafield><datafield ind1=" " ind2=" " tag="080"><subfield code="a">539.171.4:539.2</subfield></datafield><datafield ind1="1" ind2=" " tag="100"><subfield code="a">Ghatak, A.K</subfield></datafield><datafield ind1="1" ind2="0" tag="245"><subfield code="a">An introduction to lattice dynamics</subfield><subfield code="c">A.k. ghatak, l.s. kothari</subfield></datafield><datafield ind1=" " ind2=" " tag="260"><subfield code="a">London</subfield><subfield code="b">Addison-wesley Publishing Company</subfield><subfield code="c">1972</subfield></datafield><datafield ind1=" " ind2=" " tag="300"><subfield code="a">VI + 234 P</subfield></datafield><datafield ind1="1" ind2=" " tag="700"><subfield code="a">Kothari, L.S</subfield></datafield><datafield ind1=" " ind2=" " tag="852"><subfield code="a">39410</subfield><subfield code="c">539.2</subfield></datafield><datafield ind1=" " ind2=" " tag="CAT"><subfield code="a">Sys</subfield><subfield code="c">20121023</subfield><subfield code="h">161946</subfield></datafield></record></collection>